<record><leader>00000cas a22000007a 4500</leader><controlfield tag="001">10932476</controlfield><controlfield tag="008">840710d18401840ohuwr ne      0    0eng d</controlfield><controlfield tag="009">3783</controlfield><datafield ind1=" " ind2=" " tag="010"><subfield code="a">sn 84028357 </subfield></datafield><datafield ind1=" " ind2=" " tag="040"><subfield code="a">NPY</subfield><subfield code="b">eng</subfield><subfield code="c">NPY</subfield><subfield code="d">ONP</subfield><subfield code="d">OCLCQ</subfield></datafield><datafield ind1=" " ind2=" " tag="042"><subfield code="a">msc</subfield></datafield><datafield ind1="0" ind2="4" tag="245"><subfield code="a">The Lorain standard.</subfield></datafield><datafield ind1=" " ind2=" " tag="260"><subfield code="a">Elyria, Ohio :</subfield><subfield code="b">C. Chaney,</subfield><subfield code="c">1840.</subfield></datafield><datafield ind1=" " ind2=" " tag="300"><subfield code="a">1 v. ;</subfield><subfield code="c">54 cm.</subfield></datafield><datafield ind1=" " ind2=" " tag="310"><subfield code="a">Weekly</subfield></datafield><datafield ind1="0" ind2=" " tag="362"><subfield code="a">N.s., v. 6, no. 1 (Apr. 7, 1840)-n.s., v. 6, no. 31 (Nov. 3, 1840).</subfield></datafield><datafield ind1=" " ind2=" " tag="500"><subfield code="a">"Democratic."</subfield></datafield><datafield ind1=" " ind2=" " tag="752"><subfield code="a">United States</subfield><subfield code="b">Ohio</subfield><subfield code="c">Lorain</subfield><subfield code="d">Elyria.</subfield></datafield><datafield ind1="0" ind2="0" tag="780"><subfield code="t">Elyria Repubican (Elyria, Ohio : 1837)</subfield><subfield code="w">(DLC)sn 84028356</subfield></datafield></record>